<collection xmlns="http://www.loc.gov/MARC21/slim"><record><leader>00522nam0 2200169   450</leader><controlfield tag="001">776</controlfield><controlfield tag="003">http://montalegre.opacnet.com/OPAC/default.aspx?ContentAreaControl=ShowRegHoldings.ascx&amp;RegNo=16662</controlfield><datafield tag="010" ind1=" " ind2=" "><subfield code="a">972-25-1464-4</subfield></datafield><datafield tag="021" ind1=" " ind2=" "><subfield code="a">PT</subfield><subfield code="b">238440/06</subfield></datafield><datafield tag="100" ind1=" " ind2=" "><subfield code="a">d--------k  y0pory0103    ba</subfield></datafield><datafield tag="101" ind1="0" ind2=" "><subfield code="a">por</subfield></datafield><datafield tag="102" ind1=" " ind2=" "><subfield code="a">FR</subfield></datafield><datafield tag="200" ind1="1" ind2=" "><subfield code="a">e depois</subfield><subfield code="f">Musso, Guillaume</subfield><subfield code="g">trad. Neto, Fernando Palma</subfield></datafield><datafield tag="215" ind1=" " ind2=" "><subfield code="a">296p.</subfield><subfield code="d">23cm</subfield></datafield><datafield tag="675" ind1=" " ind2=" "><subfield code="a">821</subfield><subfield code="v">BN</subfield><subfield code="z">por</subfield></datafield><datafield tag="801" ind1=" " ind2="0"><subfield code="a">PT</subfield><subfield code="b">Biblioteca Municipal de Montalegre</subfield><subfield code="g">RPC</subfield></datafield><datafield tag="856" ind1=" " ind2=" "><subfield code="u">locateMedia.asp?cod=20060621103948&amp;ext=jpg</subfield><subfield code="z">CAPA</subfield></datafield><datafield tag="909" ind1="&#9;" ind2=" "><subfield code="a">1</subfield></datafield><datafield tag="966" ind1=" " ind2=" "><subfield code="a">0016748</subfield><subfield code="l">BMM</subfield><subfield code="s">SCG 821 MUS dep</subfield></datafield></record></collection>